<?xml version="1.0" encoding="UTF-8"?><collection xmlns="http://www.loc.gov/MARC21/slim"><record><leader>00634nam--2200181-i-4500</leader><controlfield tag="001">000030014</controlfield><controlfield tag="002">20161230</controlfield><controlfield tag="005">20161230201038</controlfield><controlfield tag="008">060222s1000------------r-----000-0-fre-d</controlfield><datafield ind1=" " ind2=" " tag="040"><subfield code="a">IFIN-HH</subfield></datafield><datafield ind1=" " ind2=" " tag="041"><subfield code="a">fre</subfield></datafield><datafield ind1=" " ind2=" " tag="080"><subfield code="a">537.52:537.562(043)</subfield></datafield><datafield ind1="1" ind2=" " tag="100"><subfield code="a">Lambert, Francis</subfield></datafield><datafield ind1="1" ind2="0" tag="245"><subfield code="a">Etude experimentale et interpretation de l`evolution des densites d`ions et de metastables atomiques et moleculaires dans la post-decharge du gaz ionise dehelium entre let 100 torr</subfield><subfield code="b">These</subfield><subfield code="c">Francis lambert</subfield></datafield><datafield ind1=" " ind2=" " tag="260"><subfield code="a">Paris</subfield><subfield code="b">Universite Pierre Et Marie Curie</subfield><subfield code="c">1975</subfield></datafield><datafield ind1=" " ind2=" " tag="300"><subfield code="a">244P</subfield></datafield><datafield ind1=" " ind2=" " tag="852"><subfield code="a">44165</subfield><subfield code="c">537.52</subfield></datafield><datafield ind1=" " ind2=" " tag="CAT"><subfield code="a">Sys</subfield><subfield code="c">20110804</subfield><subfield code="h">114624</subfield></datafield></record></collection>